<?xml version='1.0' encoding='UTF-8'?>
<record xmlns="http://www.loc.gov/MARC21/slim">
  <leader>01726cam a2200385 a 4500</leader>
  <controlfield tag="001">514881</controlfield>
  <controlfield tag="003">NjP</controlfield>
  <controlfield tag="005">20170905103051.0</controlfield>
  <controlfield tag="008">890606s1884    le            000 0 ara d</controlfield>
  <datafield tag="024" ind1="7" ind2=" ">
    <subfield code="a">princeton_aco002503</subfield>
    <subfield code="2">local</subfield>
  </datafield>
  <datafield ind1=" " ind2=" " tag="035">
    <subfield code="a">(OCoLC)ocn175853506</subfield>
  </datafield>
  <datafield ind1=" " ind2=" " tag="035">
    <subfield code="a">(OCoLC)26629647</subfield>
  </datafield>
  <datafield ind1=" " ind2=" " tag="035">
    <subfield code="a">(OCoLC)175853506</subfield>
  </datafield>
  <datafield ind1=" " ind2=" " tag="035">
    <subfield code="a">(CStRLIN)NJPG89-B27213</subfield>
  </datafield>
  <datafield ind1=" " ind2=" " tag="035">
    <subfield code="9">ACK0686TS</subfield>
  </datafield>
  <datafield ind1=" " ind2=" " tag="035">
    <subfield code="a">(NjP)514881</subfield>
  </datafield>
  <datafield ind1=" " ind2=" " tag="035">
    <subfield code="a">514881</subfield>
  </datafield>
  <datafield ind1=" " ind2=" " tag="040">
    <subfield code="a">NjP</subfield>
    <subfield code="c">PUL</subfield>
    <subfield code="d">PUL</subfield>
  </datafield>
  <datafield ind1="1" ind2=" " tag="041">
    <subfield code="a">ara</subfield>
    <subfield code="h">ota</subfield>
  </datafield>
  <datafield ind1=" " ind2=" " tag="043">
    <subfield code="a">a-tu---</subfield>
    <subfield code="a">aw-----</subfield>
  </datafield>
  <datafield ind1=" " ind2=" " tag="049">
    <subfield code="a">PULL</subfield>
  </datafield>
  <datafield ind1=" " ind2=" " tag="079">
    <subfield code="a">ocm26629647</subfield>
  </datafield>
  <datafield ind1="1" ind2=" " tag="110">
    <subfield code="a">Turkey.</subfield>
    <subfield code="0">http://id.loc.gov/authorities/names/n80070818</subfield>
  </datafield>
  <datafield ind1="1" ind2="0" tag="240">
    <subfield code="a">Mecelle.</subfield>
    <subfield code="l">Arabic.</subfield>
    <subfield code="f">1884</subfield>
  </datafield>
  <datafield ind1="1" ind2="3" tag="245">
    <subfield code="6">880-01</subfield>
    <subfield code="a">al-Majallah :</subfield>
    <subfield code="b">wa-hiya taḥtawī ʻalá al-qawānīn al-sharʻīyah wa-al-aḥkām al-ʻadlīyah al-muṭābiqah lil-kutub al-fiqhīyah /</subfield>
    <subfield code="c">ḥarraratʹha lajnah muʼallafah min al-ʻulamāʼ al-muḥaqqiqīn wa-al-fuhamāʼ al-mudaqqiqīn.</subfield>
  </datafield>
  <datafield ind1=" " ind2=" " tag="260">
    <subfield code="6">880-02</subfield>
    <subfield code="a">Bayrūt :</subfield>
    <subfield code="b">al-Maṭbaʻah al-Adabīyah,</subfield>
    <subfield code="c">1302 [1884]</subfield>
  </datafield>
  <datafield ind1=" " ind2=" " tag="300">
    <subfield code="a">269 p. ;</subfield>
    <subfield code="c">24 cm.</subfield>
  </datafield>
  <datafield ind1=" " ind2="0" tag="650">
    <subfield code="a">Civil law</subfield>
    <subfield code="z">Turkey.</subfield>
    <subfield code="0">http://id.loc.gov/authorities/subjects/sh2009120055</subfield>
  </datafield>
  <datafield ind1=" " ind2="0" tag="650">
    <subfield code="a">Civil law</subfield>
    <subfield code="z">Middle East.</subfield>
  </datafield>
  <datafield ind1="1" ind2="2" tag="880">
    <subfield code="6">245-01/r</subfield>
    <subfield code="a">المجلة :</subfield>
    <subfield code="b">وهي تحتوي على القوانين الشرعية والاحكام العدلية المطابقة للكتب الفقهية /</subfield>
    <subfield code="c">حررته لجنة مؤلفة من العلماء المحققين والفهماء المدققين.</subfield>
  </datafield>
  <datafield ind1=" " ind2=" " tag="880">
    <subfield code="6">260-02/r</subfield>
    <subfield code="a">بيروت :</subfield>
    <subfield code="b">المطبعة الادبية،</subfield>
    <subfield code="c">1302 [1884]</subfield>
  </datafield>
  <datafield ind1="4" ind2=" " tag="856">
    <subfield code="u">http://hdl.handle.net/2027/njp.32101021972557</subfield>
  </datafield>
  <datafield ind1=" " ind2=" " tag="998">
    <subfield code="a">05/11/93</subfield>
    <subfield code="s">9118</subfield>
    <subfield code="n">NjP</subfield>
    <subfield code="w">NJPG89B27213</subfield>
    <subfield code="d">06/06/89</subfield>
    <subfield code="c">JEB</subfield>
    <subfield code="b">LRP</subfield>
    <subfield code="i">930511</subfield>
    <subfield code="l">NJPG</subfield>
  </datafield>
  <datafield ind1=" " ind2=" " tag="911">
    <subfield code="a">19930520</subfield>
  </datafield>
  <datafield ind1=" " ind2=" " tag="912">
    <subfield code="a">19930511000000.0</subfield>
  </datafield>
  <datafield ind1=" " ind2=" " tag="994">
    <subfield code="a">C0</subfield>
    <subfield code="b">PUL</subfield>
  </datafield>
  <datafield ind1=" " ind2=" " tag="999">
    <subfield code="a">514881</subfield>
  </datafield>
  <datafield ind1="8" ind2="0" tag="852">
    <subfield code="0">560368</subfield>
    <subfield code="b">nec</subfield>
    <subfield code="t">1</subfield>
    <subfield code="h">KPA</subfield>
    <subfield code="i">.T87M323125 1884</subfield>
  </datafield>
  <datafield ind1="8" ind2=" " tag="852">
    <subfield code="0">8680394</subfield>
    <subfield code="b">elf1</subfield>
    <subfield code="h">Electronic Resource</subfield>
  </datafield>
  <datafield ind1=" " ind2=" " tag="959">
    <subfield code="a">2000-06-08 00:00:00 -0500</subfield>
  </datafield>
</record>
